Original ESN Paper
@inproceedings{jaeger2002adaptive,
  title={Adaptive nonlinear system identification with echo state networks},
  author={Jaeger, Herbert},
  booktitle={Advances in neural information processing systems},
  pages={593--600},
  year={2002}
}

Water bucket RC
@incollection{fernando2003pattern,
  title={Pattern recognition in a bucket},
  author={Fernando, Chrisantha and Sojakka, Sampsa},
  booktitle={Advances in artificial life},
  pages={588--597},
  year={2003},
  publisher={Springer}
}

RC system using RBN
@misc{rbn-reservoir,
  author = "D. R. Snyder, A. Goudarzi, C. Teuscher",
  title = "Computational Capabilities of Random Automata Networks for Reservoir Computing",
  howpublished = "\url{http://arxiv.org/pdf/1212.1744v2.pdf}",
  note = "[Online; accessed 17.11.2015]"
}

Use this to talk about difficulty in programming RRNS or something
@article{sipper1999emergence,
  title={The emergence of cellular computing},
  author={Sipper, Moshe},
  journal={Computer},
  volume={32},
  number={7},
  pages={18--26},
  year={1999},
  publisher={IEEE}
}

RBN summary
@article{gershenson2004introduction,
  title={Introduction to random Boolean networks},
  author={Gershenson, Carlos},
  journal={arXiv preprint nlin/0408006},
  year={2004}
}

Original RBN paper
@article{kauffman1969metabolic,
  title={Metabolic stability and epigenesis in randomly constructed genetic nets},
  author={Kauffman, Stuart A},
  journal={Journal of theoretical biology},
  volume={22},
  number={3},
  pages={437--467},
  year={1969},
  publisher={Elsevier}
}

Paper with edge of chaos stuff. Might be useful.
@article{langton3computation,
  title={COMPUTATION AT THE EDGE OF CHAOS: PHASE TRANSITIONS AND EMERGENT COMPUTATION},
  author={LANGTON, Chris G},
  journal={Space},
  volume={3},
  number={5},
  pages={27--28}
}

How to sample attractor lengths in RBNs
@article{berdahl2009random,
  title={Random sampling versus exact enumeration of attractors in random Boolean networks},
  author={Berdahl, Andrew and Shreim, Amer and Sood, Vishal and Paczuski, Maya and Davidsen, J{\"o}rn},
  journal={New Journal of Physics},
  volume={11},
  number={4},
  pages={043024},
  year={2009},
  publisher={IOP Publishing}
}


Dette ser ut som om at det er en tidligere variant av paperet over:
(Finding optimal random boolean networks for reservoir computing)
https://mitpress.mit.edu/sites/default/files/titles/content/alife13/978-0-262-31050-5-ch035.pdf

@misc{rbn-reservoir-energy-efficiency,
  author = "Paperet fra 2014 som kikker på energieffektivitet, basert på 2013-paperet",
  title = "Moar fucked you say?",
  howpublished = "\url{http://www.willsullivan.info/wp-content/uploads/2014/07/Will-Sullivan-CHC-Thesis.pdf}",
  note = "[Online, accessed tirsdag 17 november 2015]"
}

@misc{how-to-train-your-rbn,
  author = "Padmashri Gargesa",
  title = "Reward-driven Training of Random Boolean Network Reservoirs for Model-Free Environments",
  howpublished = "\url{http://pdxscholar.library.pdx.edu/cgi/viewcontent.cgi?article=1668&context=open_access_etds}",
  note = "[Online, mandag 23. november 2015]"
}
